@book{Robert2007,
  title={The {B}ayesian choice: from decision-theoretic foundations to computational implementation},
  author={Robert, Christian},
  year={2007},
  publisher={Springer Science \& Business Media}
}

@article{Metropolis1953,
  title={Equation of state calculations by fast computing machines},
  author={Metropolis, Nicholas and Rosenbluth, Arianna W and Rosenbluth, Marshall N and Teller, Augusta H and Teller, Edward},
  journal={The journal of chemical physics},
  volume={21},
  number={6},
  pages={1087--1092},
  year={1953},
  publisher={AIP}
}

@article{Roberts1993,
author = {Smith, A. F. M. and Roberts, G. O.},
title = {Bayesian Computation Via the Gibbs Sampler and Related Markov Chain Monte Carlo Methods},
journal = {Journal of the Royal Statistical Society: Series B (Methodological)},
volume = {55},
number = {1},
pages = {3-23},
keywords = {bayesian statistics, censored data, constrained parameter models, generalized linear models, gibbs sampler, hastings algorithm, hierarchical models, markov chain monte carlo methods, missing data, time series models},
doi = {https://doi.org/10.1111/j.2517-6161.1993.tb01466.x},
url = {https://rss.onlinelibrary.wiley.com/doi/abs/10.1111/j.2517-6161.1993.tb01466.x},
year = {1993}
}

@book{Robert2013,
  title={Monte Carlo Statistical Methods},
  author={Robert, C. and Casella, G.},
  isbn={9781475741452},
  lccn={2004049157},
  series={Springer Texts in Statistics},
  year={2013},
  publisher={Springer New York}
}


@article{Hastings1970,
  title={Monte Carlo sampling methods using Markov chains and their applications},
  author={Hastings, W. K.},
  journal={Biometrika},
  volume={57},
  number={1},
  pages={97--109},
  year={1970},
  publisher={Biometrika Trust}
}

@book{Bernardo2009,
  title={Bayesian Theory},
  author={Bernardo, J.M. and Smith, A.F.M.},
  isbn={9780470317716},
  series={Wiley Series in Probability and Statistics},
  url={https://books.google.com.br/books?id=11nSgIcd7xQC},
  year={2009},
  publisher={Wiley}
}


@article{Conway1962,
  title={A queuing model with state dependent service rates},
  author={Conway, Richard W and Maxwell, William L},
  journal={Journal of Industrial Engineering},
  volume={12},
  number={2},
  pages={132--136},
  year={1962}
}
@article{Kahan1965,
  title={Pracniques: further remarks on reducing truncation errors},
  author={Kahan, William},
  journal={Communications of the ACM},
  volume={8},
  number={1},
  pages={40},
  year={1965},
  publisher={ACM New York, NY, USA}
}
@book{Rudin1964,
  title={Principles of {M}athematical {A}nalysis},
  author={Rudin, Walter},
  volume={3},
  year={1964},
  publisher={McGraw-hill New York}
}
@article{Boas1978,
  title={Estimating remainders},
  author={Boas, Ralph P},
  journal={Mathematics Magazine},
  volume={51},
  number={2},
  pages={83--89},
  year={1978},
  publisher={Taylor \& Francis}
}
@article{Efron1986,
  title={Double exponential families and their use in generalized linear regression},
  author={Efron, Bradley},
  journal={Journal of the American Statistical Association},
  volume={81},
  number={395},
  pages={709--721},
  year={1986},
  publisher={Taylor \& Francis}
}
@article{Liu1989,
  title={On the limited memory BFGS method for large scale optimization},
  author={Liu, Dong C and Nocedal, Jorge},
  journal={Mathematical programming},
  volume={45},
  number={1},
  pages={503--528},
  year={1989},
  publisher={Springer}
}
@article{Goldberg1991,
  title={What every computer scientist should know about floating-point arithmetic},
  author={Goldberg, David},
  journal={ACM computing surveys ({CSUR})},
  volume={23},
  number={1},
  pages={5--48},
  year={1991},
  publisher={ACM New York, NY, USA}
}
@article{Braden1992,
  title={Calculating sums of infinite series},
  author={Braden, Bart},
  journal={The American mathematical monthly},
  volume={99},
  number={7},
  pages={649--655},
  year={1992},
  publisher={Taylor \& Francis}
}
@article{Kreminski1997,
  title={Using {S}impson's rule to approximate sums of infinite series},
  author={Kreminski, Rick},
  journal={The College Mathematics Journal},
  volume={28},
  number={5},
  pages={368--376},
  year={1997},
  publisher={Taylor \& Francis}
}
@book{Higham2002,
  title={Accuracy and stability of numerical algorithms},
  author={Higham, Nicholas J},
  year={2002},
  publisher={SIAM}
}
@article{Roberts2002,
  title={Langevin diffusions and {M}etropolis-{H}astings algorithms},
  author={Roberts, Gareth O and Stramer, Osnat},
  journal={Methodology and computing in applied probability},
  volume={4},
  number={4},
  pages={337--357},
  year={2002},
  publisher={Springer}
}
@book{Hall2004,
  title={Generalized method of moments},
  author={Hall, Alastair R},
  year={2004},
  publisher={OUP Oxford}
}
@article{Royle2004,
  title={N-mixture models for estimating population size from spatially replicated counts},
  author={Royle, J Andrew},
  journal={Biometrics},
  volume={60},
  number={1},
  pages={108--115},
  year={2004},
  publisher={Wiley Online Library}
}
@article{Dunn2005,
  title={Series evaluation of Tweedie exponential dispersion model densities},
  author={Dunn, Peter K and Smyth, Gordon K},
  journal={Statistics and Computing},
  volume={15},
  number={4},
  pages={267--280},
  year={2005},
  publisher={Springer}
}
@article{Shmueli2005,
  title={A useful distribution for fitting discrete data: revival of the {C}onway--{M}axwell--{P}oisson distribution},
  author={Shmueli, Galit and Minka, Thomas P and Kadane, Joseph B and Borle, Sharad and Boatwright, Peter},
  journal={Journal of the Royal Statistical Society: Series C (Applied Statistics)},
  volume={54},
  number={1},
  pages={127--142},
  year={2005},
  publisher={Wiley Online Library}
}
@incollection{Weniger2007,
  title={Asymptotic approximations to truncation errors of series representations for special functions},
  author={Weniger, Ernst Joachim},
  booktitle={Algorithms for Approximation},
  pages={331--348},
  year={2007},
  publisher={Springer}
}
@article{Rump2008,
  title={Accurate floating-point summation part I: Faithful rounding},
  author={Rump, Siegfried M and Ogita, Takeshi and Oishi, Shin'ichi},
  journal={SIAM Journal on Scientific Computing},
  volume={31},
  number={1},
  pages={189--224},
  year={2008},
  publisher={SIAM}
}
@article{Vargas2008,
  title={A discrete-time approach for heavy-tailed modeling},
  author={Vargas, Cesar and Munoz, David and Rodriguez, Oscar and Antonio, Michel Z},
  journal={Stochastic models},
  volume={24},
  number={sup1},
  pages={270--280},
  year={2008},
  publisher={Taylor \& Francis}
}
@article{Navarro2009,
  title={Fast and accurate calculations for first-passage times in Wiener diffusion models},
  author={Navarro, Daniel J and Fuss, Ian G},
  journal={Journal of mathematical psychology},
  volume={53},
  number={4},
  pages={222--230},
  year={2009},
  publisher={Elsevier}
}
@article{Rump2009,
  title={Accurate floating-point summation part II: Sign, K-fold faithful and rounding to nearest},
  author={Rump, Siegfried M and Ogita, Takeshi and Oishi, Shin'ichi},
  journal={SIAM Journal on Scientific Computing},
  volume={31},
  number={2},
  pages={1269--1302},
  year={2009},
  publisher={SIAM}
}
@book{Small2010,
  title={Expansions and asymptotics for statistics},
  author={Small, Christopher G},
  year={2010},
  publisher={Chapman and Hall/CRC}
}
@article{Cilibrasi2011,
  title={A fast quartet tree heuristic for hierarchical clustering},
  author={Cilibrasi, Rudi L and Vit{\'a}nyi, Paul MB},
  journal={Pattern recognition},
  volume={44},
  number={3},
  pages={662--677},
  year={2011},
  publisher={Elsevier}
}
@article{Sellers2012,
  title={The {COM-P}oisson model for count data: a survey of methods and applications},
  author={Sellers, Kimberly F and Borle, Sharad and Shmueli, Galit},
  journal={Applied Stochastic Models in Business and Industry},
  volume={28},
  number={2},
  pages={104--116},
  year={2012},
  publisher={Wiley Online Library}
}
@article{Blumberg2013a,
  title={Inference of {$R_0$} and transmission heterogeneity from the size distribution of stuttering chains},
  author={Blumberg, Seth and Lloyd-Smith, James O},
  journal={PLoS Computational Biology},
  volume={9},
  number={5},
  pages={e1002993},
  year={2013},
  publisher={Public Library of Science}
}
@article{Blumberg2013b,
  title={Comparing methods for estimating {$R_0$} from the size distribution of subcritical transmission chains},
  author={Blumberg, Seth and Lloyd-Smith, James O},
  journal={Epidemics},
  volume={5},
  number={3},
  pages={131--145},
  year={2013},
  publisher={Elsevier}
}
@article{Carpenter2015,
  title={The Stan math library: Reverse-mode automatic differentiation in C++},
  author={Carpenter, Bob and Hoffman, Matthew D and Brubaker, Marcus and Lee, Daniel and Li, Peter and Betancourt, Michael},
  journal={arXiv preprint arXiv:1509.07164},
  year={2015}
}
@article{Lyne2015,
  title={On Russian roulette estimates for Bayesian inference with doubly-intractable likelihoods},
  author={Lyne, Anne-Marie and Girolami, Mark and Atchad{\'e}, Yves and Strathmann, Heiko and Simpson, Daniel},
  journal={Statistical science},
  volume={30},
  number={4},
  pages={443--467},
  year={2015},
  publisher={Institute of Mathematical Statistics}
}
@article{Alquier2016,
  title={Noisy {M}onte {C}arlo: Convergence of Markov chains with approximate transition kernels},
  author={Alquier, Pierre and Friel, Nial and Everitt, Richard and Boland, Aidan},
  journal={Statistics and Computing},
  volume={26},
  number={1-2},
  pages={29--47},
  year={2016},
  publisher={Springer}
}
@article{Griffin2016,
  title={An adaptive truncation method for inference in {B}ayesian nonparametric models},
  author={Griffin, Jim E},
  journal={Statistics and Computing},
  volume={26},
  number={1-2},
  pages={423--441},
  year={2016},
  publisher={Springer}
}
@article{Betancourt2017,
  title={A conceptual introduction to {H}amiltonian {M}onte {C}arlo},
  author={Betancourt, Michael},
  journal={arXiv preprint arXiv:1701.02434},
  year={2017}
}
@article{Carpenter2017,
  title={Stan: A probabilistic programming language},
  author={Carpenter, Bob and Gelman, Andrew and Hoffman, Matthew D and Lee, Daniel and Goodrich, Ben and Betancourt, Michael and Brubaker, Marcus and Guo, Jiqiang and Li, Peter and Riddell, Allen},
  journal={Journal of statistical software},
  volume={76},
  number={1},
  pages={1--32},
  year={2017}
}

@book{Wood2006,
  title={Generalized Additive Models: An Introduction with R},
  author={Wood, S.},
  isbn={9781584884743},
  lccn={2006040209},
  series={Chapman \& Hall/CRC Texts in Statistical Science},
  year={2006},
  publisher={Taylor \& Francis}
}

@book{McCullagh1989,
  title={Generalized linear models},
  author={McCullagh, Peter and Nelder, John A},
  publisher={Chapman and Hall/CRC},
  year={1989}
}

@book{Dobson2008,
  title={An introduction to generalized linear models},
  author={Dobson, Annette J and Barnett, Anthony G},
  year={2008},
  publisher={CRC press}
}

@book{Gelman2021,
  title={Regression and Other Stories},
  author={Gelman, Andrew and Hill, Jennifer and Vehtari, Aki},
  isbn={9781107023987},
  series={Analytical Methods for Social Research},
  year={2021},
  publisher={Cambridge University Press}
}

@article{Gillespie2017,
  title={Estimating the number of casualties in the {A}merican {I}ndian war: a Bayesian analysis using the power law distribution},
  author={Gillespie, Colin S and others},
  journal={The Annals of Applied Statistics},
  volume={11},
  number={4},
  pages={2357--2374},
  year={2017},
  publisher={Institute of Mathematical Statistics}
}
@inproceedings{Wei2017,
  title={Markov chain truncation for doubly-intractable inference},
  author={Wei, Colin and Murray, Iain},
  booktitle={Artificial Intelligence and Statistics},
  pages={776--784},
  year={2017},
  organization={PMLR}
}
@article{Barker2018,
  title={On the reliability of N-mixture models for count data},
  author={Barker, Richard J and Schofield, Matthew R and Link, William A and Sauer, John R},
  journal={Biometrics},
  volume={74},
  number={1},
  pages={369--377},
  year={2018},
  publisher={Wiley Online Library}
}
@article{Gaunt2019,
  title={An asymptotic expansion for the normalizing constant of the Conway--Maxwell--Poisson distribution},
  author={Gaunt, Robert E and Iyengar, Satish and Daalhuis, Adri B Olde and Simsek, Burcin},
  journal={Annals of the Institute of Statistical Mathematics},
  volume={71},
  number={1},
  pages={163--180},
  year={2019},
  publisher={Springer}
}
@Manual{Bolker2020,
    title = {bbmle: Tools for General Maximum Likelihood Estimation},
    author = {Ben Bolker and {R Development Core Team}},
    year = {2021},
    note = {R package version 1.0.24},
    url = {https://CRAN.R-project.org/package=bbmle},
  }
@article{Meehan2020,
 title={Estimating Animal Abundance with N-Mixture Models Using the R-INLA Package for R},
 volume={95},
 url={https://www.jstatsoft.org/index.php/jss/article/view/v095i02},
 doi={10.18637/jss.v095.i02},
 number={2},
 journal={Journal of Statistical Software},
 author={Meehan, Timothy D. and Michel, Nicole L. and Rue, Håvard},
 year={2020},
 pages={1–26}
}
@article{Park2020,
  title={A Function Emulation Approach for Doubly Intractable Distributions},
  author={Park, Jaewoo and Haran, Murali},
  journal={Journal of Computational and Graphical Statistics},
  volume={29},
  number={1},
  pages={66--77},
  year={2020},
  publisher={Taylor \& Francis}
}
@article{Pullin2020,
  title={Rater: An R Package for Fitting Statistical Models of Repeated Categorical Ratings},
  author={Pullin, Jeffrey and Gurrin, Lyle and Vukcevic, Damjan},
  journal={arXiv preprint arXiv:2010.09335},
  year={2020}
}
@article{Aleshin2021,
  title={Revisiting Identifying Assumptions for Population Size Estimation},
  author={Aleshin-Guendel, Serge and Sadinle, Mauricio and Wakefield, Jon},
  journal={arXiv preprint arXiv:2101.09304},
  year={2021}
}
@article{Robert2021,
  title={{R}ao--{B}lackwellisation in the {M}arkov Chain {M}onte {C}arlo Era},
  author={Robert, Christian P and Roberts, Gareth},
  journal={International Statistical Review},
  year={2021},
  publisher={Wiley Online Library}
}
@article{Benson2021,
  title={Bayesian Inference, Model Selection and Likelihood Estimation using Fast Rejection Sampling: The {C}onway-{M}axwell-Poisson Distribution},
  author={Benson, Alan and Friel, Nial},
  journal={Bayesian Analysis},
  year={2021},
  publisher={International Society for Bayesian Analysis}
}
@article{Vehtari2021,
    author = {Aki Vehtari and Andrew Gelman and Daniel Simpson and Bob Carpenter and Paul-Christian Bürkner},
    title = {{Rank-Normalization, Folding, and Localization: An Improved $\widehat{R}$ for Assessing Convergence of MCMC (with Discussion)}},
    volume = {16},
    journal = {Bayesian Analysis},
    number = {2},
    publisher = {International Society for Bayesian Analysis},
    pages = {667 -- 718},
    year = {2021},
    doi = {10.1214/20-BA1221},
    URL = {https://doi.org/10.1214/20-BA1221}
}

@misc{Kingma2017,
      title={Adam: A Method for Stochastic Optimization}, 
      author={Diederik P. Kingma and Jimmy Ba},
      year={2017},
      eprint={1412.6980},
      archivePrefix={arXiv},
      primaryClass={cs.LG},
      url={https://arxiv.org/abs/1412.6980}, 
}

@misc{Riihimaki2013,
      title={Laplace approximation for logistic Gaussian process density estimation and regression}, 
      author={Jaakko Riihimäki and Aki Vehtari},
      year={2013},
      eprint={1211.0174},
      archivePrefix={arXiv},
      primaryClass={stat.CO},
      url={https://arxiv.org/abs/1211.0174}, 
}

@article{GPfit2015,
    title = {{GPfit}: An {R} Package for Fitting a Gaussian Process
      Model to Deterministic Simulator Outputs},
    author = {Blake MacDonald and Pritam Ranjan and Hugh Chipman},
    journal = {Journal of Statistical Software},
    year = {2015},
    volume = {64},
    number = {12},
    pages = {1--23},
    url = {http://www.jstatsoft.org/v64/i12/},
  }

@article{Riis2022,
  title={Bayesian Active Learning with Fully Bayesian Gaussian Processes},
  author={Christoffer Riis and Francisco Antunes and Frederik Boe H{\"u}ttel and Carlos Lima Azevedo and Francisco Camara Pereira},
  journal={ArXiv},
  year={2022},
  volume={abs/2205.10186},
  url={https://api.semanticscholar.org/CorpusID:248965380}
}

@article{Williams1998,
  author={Williams, C.K.I. and Barber, D.},
  journal={IEEE Transactions on Pattern Analysis and Machine Intelligence}, 
  title={Bayesian classification with Gaussian processes}, 
  year={1998},
  volume={20},
  number={12},
  pages={1342-1351},
  keywords={Bayesian methods;Gaussian processes;Training data;Uncertainty;Monte Carlo methods;Computer Society;Process control;Uncertain systems;Logistics;Gaussian noise},
  doi={10.1109/34.735807}}

@Manual{matrixStats,
    title = {matrixStats: Functions that Apply to Rows and Columns of Matrices (and to
Vectors)},
    author = {Henrik Bengtsson},
    year = {2021},
    note = {R package version 0.61.0},
    url = {https://CRAN.R-project.org/package=matrixStats},
  }

@Manual{R,
    title = {R: A Language and Environment for Statistical Computing},
    author = {{R Core Team}},
    organization = {R Foundation for Statistical Computing},
    address = {Vienna, Austria},
    year = {2024},
    url = {https://www.R-project.org/},
  }
 @article{Carvalho2022,
  title={Bayesian estimation of the basic reproduction number from sub-critical chains of transmission under observation error},
  author={Carvalho, Luiz Max and Stadler, Tanja and Dudas, Gytis and Rambaut, Andrew and Bedford, Trevor},
  journal={In preparation},
  year={2022}
}

@article{Fairbrother2022,
 title={GaussianProcesses.jl: A Nonparametric Bayes Package for the Julia Language},
 volume={102},
 doi={10.18637/jss.v102.i01},
 number={1},
 journal={Journal of Statistical Software},
 author={Fairbrother, Jamie and Nemeth, Christopher and Rischard, Maxime and Brea, Johanni and Pinder, Thomas},
 year={2022},
 pages={1–36}
}

@article{Berger2016,
author = {Wang, X. and Berger, J. O.},
title = {Estimating Shape Constrained Functions Using Gaussian Processes},
journal = {SIAM/ASA Journal on Uncertainty Quantification},
volume = {4},
number = {1},
pages = {1-25},
year = {2016},
doi = {10.1137/140955033}}


@InProceedings{Riihimaki2010,
  title = 	 {Gaussian processes with monotonicity information},
  author = 	 {Riihimäki, J. and Vehtari, A.},
  booktitle = 	 {Proceedings of the Thirteenth International Conference on Artificial Intelligence and Statistics},
  pages = 	 {645--652},
  year = 	 {2010},
  editor = 	 {Teh, Yee Whye and Titterington, Mike},
  volume = 	 {9},
  series = 	 {Proceedings of Machine Learning Research},
  address = 	 {Chia Laguna Resort, Sardinia, Italy},
  month = 	 {5},
  publisher =    {PMLR},
}

@book{Rasmussen2005,
  title={Gaussian Processes for Machine Learning},
  author={Rasmussen, C. E. and Williams, C. K. I.},
  isbn={9780262182539},
  lccn={2005053433},
  series={Adaptive Computation and Machine Learning series},
  year={2005},
  publisher={MIT Press}
}
@misc{Petersen2008,
  abstract = {Matrix identities, relations and approximations. A desktop reference for quick overview of mathematics of matrices.},
  added-at = {2011-01-17T12:52:58.000+0100},
  author = {Petersen, K. B. and Pedersen, M. S.},
  biburl = {https://www.bibsonomy.org/bibtex/263c840382cc4b1efb8cefe447465b7ac/hkayabilisim},
  interhash = {6368b9b490c0225e22334ea0a0841a33},
  intrahash = {63c840382cc4b1efb8cefe447465b7ac},
  keywords = {matrixderivative inverse Matrixidentity matrixrelations},
  month = oct,
  note = {Version 20081110},
  publisher = {Technical University of Denmark},
  review = {Matrix Cookbook},
  timestamp = {2011-01-17T12:52:58.000+0100},
  title = {The Matrix Cookbook},
  year = 2008
}

@misc{scam2012,
  title = {scam: Shape Constrained Additive Models},
  author = {Natalya Pya},
  url = {http://dx.doi.org/10.32614/CRAN.package.scam},
  DOI = {10.32614/cran.package.scam},
  journal = {CRAN: Contributed Packages},
  publisher = {The R Foundation},
  year = {2012},
  month = jan 
}


@article{Pya2014,
  title = {Shape constrained additive models},
  volume = {25},
  ISSN = {1573-1375},
  url = {http://dx.doi.org/10.1007/s11222-013-9448-7},
  DOI = {10.1007/s11222-013-9448-7},
  number = {3},
  journal = {Statistics and Computing},
  publisher = {Springer Science and Business Media LLC},
  author = {Pya,  Natalya and Wood,  Simon N.},
  year = {2014},
  month = feb,
  pages = {543–559}
}

@article{Schulz2018,
title = {A tutorial on Gaussian process regression: Modelling, exploring, and exploiting functions},
journal = {Journal of Mathematical Psychology},
volume = {85},
pages = {1-16},
year = {2018},
issn = {0022-2496},
author = {Eric Schulz and Maarten Speekenbrink and Andreas Krause},
keywords = {Gaussian process regression, Active learning, Exploration–exploitation, Bandit problems}
}

@article{ParkHaran2020,
author = {Jaewoo Park and Murali Haran},
title = {A Function Emulation Approach for Doubly Intractable Distributions},
journal = {Journal of Computational and Graphical Statistics},
volume = {29},
number = {1},
pages = {66-77},
year = {2020},
publisher = {Taylor & Francis},
doi = {10.1080/10618600.2019.1629941}
}

@article{Carvalho2021,
  title={On the normalized power prior},
  author={Carvalho, Luiz Max and Ibrahim, Joseph G},
  journal={Statistics in Medicine},
  volume={40},
  number={24},
  pages={5251--5275},
  year={2021},
  publisher={Wiley Online Library}
}

@misc{Gardner2021,
      title={GPyTorch: Blackbox Matrix-Matrix Gaussian Process Inference with GPU Acceleration}, 
      author={Gardner, J. R. and Pleiss, G. and  Bindel, D. and Weinberger, K. Q. and Wilson, A. G.},
      year={2021},
      eprint={1809.11165},
      archivePrefix={arXiv},
      primaryClass={cs.LG}
}

@book{James2004,
  title={Probabilidade: um curso em n{\'\i}vel intermedi{\'a}rio},
  author={James, B.R.},
  isbn={9788524401015},
  series={Projeto Euclides},
  year={2004},
  publisher={Instituto de Matem{\'a}tica Pura e Aplicada}
}